<record><leader>00000nas a22000007i 4500</leader><controlfield tag="001">1007297719</controlfield><controlfield tag="008">171024c20179999iauwr n       0   a0eng  </controlfield><datafield ind1=" " ind2=" " tag="010"><subfield code="a">  2017202632</subfield></datafield><datafield ind1=" " ind2=" " tag="040"><subfield code="a">DLC</subfield><subfield code="b">eng</subfield><subfield code="e">rda</subfield><subfield code="c">DLC</subfield></datafield><datafield ind1=" " ind2=" " tag="012"><subfield code="l">1</subfield></datafield><datafield ind1="0" ind2=" " tag="022"><subfield code="a">2575-7202</subfield><subfield code="2">1</subfield></datafield><datafield ind1=" " ind2=" " tag="037"><subfield code="b">Wayne County Indpendent, 205 W. jackson St., Corydon, IA  50060</subfield></datafield><datafield ind1=" " ind2=" " tag="042"><subfield code="a">nsdp</subfield><subfield code="a">msc</subfield></datafield><datafield ind1="1" ind2="0" tag="050"><subfield code="a">ISSN RECORD</subfield></datafield><datafield ind1="1" ind2="0" tag="082"><subfield code="a">070</subfield><subfield code="2">23</subfield></datafield><datafield ind1="0" ind2=" " tag="130"><subfield code="a">Wayne County Independent (Corydon, Iowa)</subfield></datafield><datafield ind1=" " ind2="4" tag="222"><subfield code="a">The Wayne County Independent</subfield></datafield><datafield ind1="1" ind2="4" tag="245"><subfield code="a">The Wayne County Independent.</subfield></datafield><datafield ind1="1" ind2=" " tag="246"><subfield code="a">TWCI</subfield></datafield><datafield ind1=" " ind2="1" tag="264"><subfield code="a">Corydon, Iowa :</subfield><subfield code="b">Jason W. Selby,</subfield><subfield code="c">2017-</subfield></datafield><datafield ind1=" " ind2=" " tag="310"><subfield code="a">Weekly</subfield></datafield><datafield ind1=" " ind2=" " tag="336"><subfield code="a">text</subfield><subfield code="b">txt</subfield><subfield code="2">rdacontent</subfield></datafield><datafield ind1=" " ind2=" " tag="337"><subfield code="a">unmediated</subfield><subfield code="b">n</subfield><subfield code="2">rdamedia</subfield></datafield><datafield ind1=" " ind2=" " tag="338"><subfield code="a">volume</subfield><subfield code="b">nc</subfield><subfield code="2">rdacarrier</subfield></datafield><datafield ind1="1" ind2=" " tag="362"><subfield code="a">Began with: Volume 1, issue 1 (August 23, 2017)</subfield></datafield><datafield ind1=" " ind2=" " tag="588"><subfield code="a">Description based on Volume 1, issue 1 (August 23, 2017) ; title from banner.</subfield></datafield><datafield ind1=" " ind2=" " tag="588"><subfield code="a">Latest issue consulted: Volume 1, issue 1 (August 23, 2017).</subfield></datafield><datafield ind1="1" ind2=" " tag="700"><subfield code="a">Selby, Jason W.</subfield></datafield></record>